@misc{ Silicon_Microstrip_dectectors_anna_peisert,
       author = "Anna Peisert",
       title = "Silicon microstrip detectors",
       year = "1992" }
@misc{ ROOT_Tutorial,
       author = "CERN",
       title = "ROOT Tutorial",
       NOTE  = "Online: http://root.cern.ch/root/html/tutorials/"}
@PROCEEDINGS{Alibava,
  EDITOR      = "R. Marco-Hernandez",
  TITLE       = "A portable readout system for microstrip silicon sensors (ALIBAVA)",
  PUBLISHER   = "NSS '08.IEEE",
  ADDRESS     = "Nuclear Science Symposium Conference Record",
  YEAR        = 2008,
  NOTE        = ""
}